<?xml version="1.0" encoding="UTF-8"?><record xmlns="http://www.loc.gov/MARC21/slim" xmlns:cinclude="http://apache.org/cocoon/include/1.0" xmlns:zs="http://www.loc.gov/zing/srw/">
  <leader>00955cz  a2200241n  4500</leader>
  <controlfield tag="001">n  98015692 </controlfield>
  <controlfield tag="003">DLC</controlfield>
  <controlfield tag="005">19980219113049.7</controlfield>
  <controlfield tag="008">980218n| acaaaaaa|          |a ana |||  </controlfield>
  <datafield tag="010" ind1=" " ind2=" ">
    <subfield code="a">n  98015692 </subfield>
  </datafield>
  <datafield tag="022" ind1=" " ind2=" ">
    <subfield code="a">1265-2903</subfield>
  </datafield>
  <datafield tag="040" ind1=" " ind2=" ">
    <subfield code="a">DLC</subfield>
    <subfield code="c">DLC</subfield>
    <subfield code="d">DLC</subfield>
  </datafield>
  <datafield tag="130" ind1=" " ind2="0">
    <subfield code="a">Ateliers-- Cahiers de la Maison de la recherche</subfield>
  </datafield>
  <datafield tag="410" ind1="2" ind2="0">
    <subfield code="a">Université Charles de Gaulle-Lille III.</subfield>
    <subfield code="b">Maison de la recherche.</subfield>
    <subfield code="t">Ateliers-- Cahiers de la Maison de la recherche</subfield>
  </datafield>
  <datafield tag="430" ind1=" " ind2="0">
    <subfield code="a">Collection Ateliers</subfield>
  </datafield>
  <datafield tag="430" ind1=" " ind2="0">
    <subfield code="a">Ateliers (Villeneuve-d'Ascq, France)</subfield>
  </datafield>
  <datafield tag="430" ind1=" " ind2="0">
    <subfield code="a">Cahiers de la Maison de la recherche</subfield>
  </datafield>
  <datafield tag="642" ind1=" " ind2=" ">
    <subfield code="a">no 11</subfield>
    <subfield code="5">DLC</subfield>
  </datafield>
  <datafield tag="643" ind1=" " ind2=" ">
    <subfield code="a">Villeneuve d'Ascq</subfield>
    <subfield code="b">Université Charles de Gaulle-Lille III</subfield>
  </datafield>
  <datafield tag="644" ind1=" " ind2=" ">
    <subfield code="a">f</subfield>
    <subfield code="5">DLC</subfield>
  </datafield>
  <datafield tag="645" ind1=" " ind2=" ">
    <subfield code="a">t</subfield>
    <subfield code="5">DLC</subfield>
  </datafield>
  <datafield tag="646" ind1=" " ind2=" ">
    <subfield code="a">s</subfield>
    <subfield code="5">DLC</subfield>
  </datafield>
  <datafield tag="670" ind1=" " ind2=" ">
    <subfield code="a">La pensée de la danse à l'âge classique, 1997:</subfield>
    <subfield code="b">ser. t.p. (Ateliers-- Cahiers de la Maison de la recherche; Collection Ateliers) t.p., etc. (Ateliers; Cahiers de la Maison de la recherche)</subfield>
  </datafield>
</record>